<?xml version="1.0" encoding="UTF-8"?><collection xmlns="http://www.loc.gov/MARC21/slim"><record><leader>00490nam--2200169-i-4500</leader><controlfield tag="001">000011501</controlfield><controlfield tag="002">20161230</controlfield><controlfield tag="005">20170211145355</controlfield><controlfield tag="008">060222s1000------------r-----000-0-eng-d</controlfield><datafield ind1=" " ind2=" " tag="100"><subfield code="a">Brown, D. J</subfield></datafield><datafield ind1=" " ind2=" " tag="245"><subfield code="a">Abstract logics. Classical abstract logics</subfield></datafield><datafield ind1=" " ind2=" " tag="260"><subfield code="a">Warszawa</subfield><subfield code="b">Panstwowe Wydawnictwo Naukowe</subfield><subfield code="c">1973</subfield></datafield><datafield ind1=" " ind2=" " tag="300"><subfield code="a">56 p</subfield></datafield><datafield ind1=" " ind2=" " tag="490"><subfield code="a">Dissertationes Mathematicae, Rozprawy Matematy Czne</subfield><subfield code="v">vol. CII</subfield></datafield><datafield ind1=" " ind2=" " tag="700"><subfield code="a">Bloom, S. L</subfield></datafield><datafield ind1=" " ind2=" " tag="852"><subfield code="a">517.1(043)</subfield></datafield><datafield ind1=" " ind2=" " tag="CAT"><subfield code="a">SYS</subfield><subfield code="c">20170211</subfield><subfield code="h">145355</subfield></datafield></record></collection>